%YAML 1.1
%TAG !u! tag:unity3d.com,2011:
--- !u!1 &1039015747928767133
GameObject:
  m_ObjectHideFlags: 0
  m_CorrespondingSourceObject: {fileID: 0}
  m_PrefabInstance: {fileID: 0}
  m_PrefabAsset: {fileID: 0}
  serializedVersion: 6
  m_Component:
  - component: {fileID: 6136115836917496911}
  m_Layer: 0
  m_Name: EmojiPivot
  m_TagString: Untagged
  m_Icon: {fileID: 0}
  m_NavMeshLayer: 0
  m_StaticEditorFlags: 0
  m_IsActive: 1
--- !u!4 &6136115836917496911
Transform:
  m_ObjectHideFlags: 0
  m_CorrespondingSourceObject: {fileID: 0}
  m_PrefabInstance: {fileID: 0}
  m_PrefabAsset: {fileID: 0}
  m_GameObject: {fileID: 1039015747928767133}
  m_LocalRotation: {x: 0, y: 0, z: 0, w: 1}
  m_LocalPosition: {x: -0.353, y: -0.255, z: 0.58}
  m_LocalScale: {x: 0.5, y: 0.5, z: 0.5}
  m_Children: []
  m_Father: {fileID: 7044884007320870844}
  m_RootOrder: 0
  m_LocalEulerAnglesHint: {x: 0, y: 0, z: 0}
--- !u!1 &5227371849475760777
GameObject:
  m_ObjectHideFlags: 0
  m_CorrespondingSourceObject: {fileID: 0}
  m_PrefabInstance: {fileID: 0}
  m_PrefabAsset: {fileID: 0}
  serializedVersion: 6
  m_Component:
  - component: {fileID: 6766232957915574349}
  - component: {fileID: 2922984900892371983}
  m_Layer: 0
  m_Name: UIPivot
  m_TagString: Untagged
  m_Icon: {fileID: 0}
  m_NavMeshLayer: 0
  m_StaticEditorFlags: 0
  m_IsActive: 0
--- !u!4 &6766232957915574349
Transform:
  m_ObjectHideFlags: 0
  m_CorrespondingSourceObject: {fileID: 0}
  m_PrefabInstance: {fileID: 0}
  m_PrefabAsset: {fileID: 0}
  m_GameObject: {fileID: 5227371849475760777}
  m_LocalRotation: {x: 0.7071068, y: 0.00000013767878, z: 0.7071068, w: 0.00000013767878}
  m_LocalPosition: {x: -0.015659787, y: -0.000031924497, z: -0.07062572}
  m_LocalScale: {x: 1, y: 1, z: 1}
  m_Children:
  - {fileID: 6420376978254663784}
  m_Father: {fileID: 7046516379545645990}
  m_RootOrder: 3
  m_LocalEulerAnglesHint: {x: 0, y: -270, z: 180.00002}
--- !u!114 &2922984900892371983
MonoBehaviour:
  m_ObjectHideFlags: 0
  m_CorrespondingSourceObject: {fileID: 0}
  m_PrefabInstance: {fileID: 0}
  m_PrefabAsset: {fileID: 0}
  m_GameObject: {fileID: 5227371849475760777}
  m_Enabled: 1
  m_EditorHideFlags: 0
  m_Script: {fileID: 11500000, guid: 32635a1cbb9d4f6882fe7e790080a933, type: 3}
  m_Name: 
  m_EditorClassIdentifier: 
--- !u!1 &7046388293720550306
GameObject:
  m_ObjectHideFlags: 0
  m_CorrespondingSourceObject: {fileID: 0}
  m_PrefabInstance: {fileID: 0}
  m_PrefabAsset: {fileID: 0}
  serializedVersion: 6
  m_Component:
  - component: {fileID: 7044884007320870844}
  - component: {fileID: 7029358946705635302}
  - component: {fileID: 7569683630186335152}
  m_Layer: 0
  m_Name: Camera
  m_TagString: Untagged
  m_Icon: {fileID: 0}
  m_NavMeshLayer: 0
  m_StaticEditorFlags: 0
  m_IsActive: 1
--- !u!4 &7044884007320870844
Transform:
  m_ObjectHideFlags: 0
  m_CorrespondingSourceObject: {fileID: 0}
  m_PrefabInstance: {fileID: 0}
  m_PrefabAsset: {fileID: 0}
  m_GameObject: {fileID: 7046388293720550306}
  m_LocalRotation: {x: 0, y: 0, z: 0, w: 1}
  m_LocalPosition: {x: 0, y: 0, z: 0}
  m_LocalScale: {x: 1, y: 1, z: 1}
  m_Children:
  - {fileID: 6136115836917496911}
  m_Father: {fileID: 7046516379545645990}
  m_RootOrder: 2
  m_LocalEulerAnglesHint: {x: 0, y: 0, z: 0}
--- !u!20 &7029358946705635302
Camera:
  m_ObjectHideFlags: 0
  m_CorrespondingSourceObject: {fileID: 0}
  m_PrefabInstance: {fileID: 0}
  m_PrefabAsset: {fileID: 0}
  m_GameObject: {fileID: 7046388293720550306}
  m_Enabled: 1
  serializedVersion: 2
  m_ClearFlags: 1
  m_BackGroundColor: {r: 0.19215687, g: 0.3019608, b: 0.4745098, a: 0}
  m_projectionMatrixMode: 1
  m_GateFitMode: 2
  m_FOVAxisMode: 0
  m_SensorSize: {x: 36, y: 24}
  m_LensShift: {x: 0, y: 0}
  m_FocalLength: 50
  m_NormalizedViewPortRect:
    serializedVersion: 2
    x: 0
    y: 0
    width: 1
    height: 1
  near clip plane: 0.01
  far clip plane: 1000
  field of view: 60
  orthographic: 0
  orthographic size: 5
  m_Depth: 0
  m_CullingMask:
    serializedVersion: 2
    m_Bits: 4294967295
  m_RenderingPath: -1
  m_TargetTexture: {fileID: 0}
  m_TargetDisplay: 0
  m_TargetEye: 3
  m_HDR: 1
  m_AllowMSAA: 1
  m_AllowDynamicResolution: 0
  m_ForceIntoRT: 0
  m_OcclusionCulling: 1
  m_StereoConvergence: 10
  m_StereoSeparation: 0.022
--- !u!81 &7569683630186335152
AudioListener:
  m_ObjectHideFlags: 0
  m_CorrespondingSourceObject: {fileID: 0}
  m_PrefabInstance: {fileID: 0}
  m_PrefabAsset: {fileID: 0}
  m_GameObject: {fileID: 7046388293720550306}
  m_Enabled: 1
--- !u!1 &7046516379545877256
GameObject:
  m_ObjectHideFlags: 0
  m_CorrespondingSourceObject: {fileID: 0}
  m_PrefabInstance: {fileID: 0}
  m_PrefabAsset: {fileID: 0}
  serializedVersion: 6
  m_Component:
  - component: {fileID: 7046516379545722708}
  - component: {fileID: 6944343057193800402}
  m_Layer: 0
  m_Name: Controller (left)
  m_TagString: Untagged
  m_Icon: {fileID: 0}
  m_NavMeshLayer: 0
  m_StaticEditorFlags: 0
  m_IsActive: 1
--- !u!4 &7046516379545722708
Transform:
  m_ObjectHideFlags: 0
  m_CorrespondingSourceObject: {fileID: 0}
  m_PrefabInstance: {fileID: 0}
  m_PrefabAsset: {fileID: 0}
  m_GameObject: {fileID: 7046516379545877256}
  m_LocalRotation: {x: 0, y: 0, z: 0, w: 1}
  m_LocalPosition: {x: 0, y: 0, z: 0}
  m_LocalScale: {x: 1, y: 1, z: 1}
  m_Children:
  - {fileID: 1796711152227372300}
  m_Father: {fileID: 7046516379545645990}
  m_RootOrder: 0
  m_LocalEulerAnglesHint: {x: 0, y: 0, z: 0}
--- !u!114 &6944343057193800402
MonoBehaviour:
  m_ObjectHideFlags: 0
  m_CorrespondingSourceObject: {fileID: 0}
  m_PrefabInstance: {fileID: 0}
  m_PrefabAsset: {fileID: 0}
  m_GameObject: {fileID: 7046516379545877256}
  m_Enabled: 1
  m_EditorHideFlags: 0
  m_Script: {fileID: 11500000, guid: 9a5fb0ca93b55ef4b8d54b512b103341, type: 3}
  m_Name: 
  m_EditorClassIdentifier: 
  poseAction:
    actionPath: /actions/default/in/Pose
    needsReinit: 1
  inputSource: 1
  origin: {fileID: 0}
  onTransformUpdated:
    m_PersistentCalls:
      m_Calls: []
    m_TypeName: Valve.VR.SteamVR_Behaviour_PoseEvent, SteamVR, Version=0.0.0.0, Culture=neutral,
      PublicKeyToken=null
  onTransformChanged:
    m_PersistentCalls:
      m_Calls: []
    m_TypeName: Valve.VR.SteamVR_Behaviour_PoseEvent, SteamVR, Version=0.0.0.0, Culture=neutral,
      PublicKeyToken=null
  onConnectedChanged:
    m_PersistentCalls:
      m_Calls: []
    m_TypeName: Valve.VR.SteamVR_Behaviour_Pose_ConnectedChangedEvent, SteamVR, Version=0.0.0.0,
      Culture=neutral, PublicKeyToken=null
  onTrackingChanged:
    m_PersistentCalls:
      m_Calls: []
    m_TypeName: Valve.VR.SteamVR_Behaviour_Pose_TrackingChangedEvent, SteamVR, Version=0.0.0.0,
      Culture=neutral, PublicKeyToken=null
  onDeviceIndexChanged:
    m_PersistentCalls:
      m_Calls: []
    m_TypeName: Valve.VR.SteamVR_Behaviour_Pose_DeviceIndexChangedEvent, SteamVR,
      Version=0.0.0.0, Culture=neutral, PublicKeyToken=null
  broadcastDeviceChanges: 1
--- !u!1 &7046516379545907502
GameObject:
  m_ObjectHideFlags: 0
  m_CorrespondingSourceObject: {fileID: 0}
  m_PrefabInstance: {fileID: 0}
  m_PrefabAsset: {fileID: 0}
  serializedVersion: 6
  m_Component:
  - component: {fileID: 7046516379545664392}
  - component: {fileID: 6944343056376892762}
  m_Layer: 0
  m_Name: Controller (right)
  m_TagString: Untagged
  m_Icon: {fileID: 0}
  m_NavMeshLayer: 0
  m_StaticEditorFlags: 0
  m_IsActive: 1
--- !u!4 &7046516379545664392
Transform:
  m_ObjectHideFlags: 0
  m_CorrespondingSourceObject: {fileID: 0}
  m_PrefabInstance: {fileID: 0}
  m_PrefabAsset: {fileID: 0}
  m_GameObject: {fileID: 7046516379545907502}
  m_LocalRotation: {x: 0, y: 0, z: 0, w: 1}
  m_LocalPosition: {x: 0, y: 0, z: 0}
  m_LocalScale: {x: 1, y: 1, z: 1}
  m_Children:
  - {fileID: 5368004808059705378}
  m_Father: {fileID: 7046516379545645990}
  m_RootOrder: 1
  m_LocalEulerAnglesHint: {x: 0, y: 0, z: 0}
--- !u!114 &6944343056376892762
MonoBehaviour:
  m_ObjectHideFlags: 0
  m_CorrespondingSourceObject: {fileID: 0}
  m_PrefabInstance: {fileID: 0}
  m_PrefabAsset: {fileID: 0}
  m_GameObject: {fileID: 7046516379545907502}
  m_Enabled: 1
  m_EditorHideFlags: 0
  m_Script: {fileID: 11500000, guid: 9a5fb0ca93b55ef4b8d54b512b103341, type: 3}
  m_Name: 
  m_EditorClassIdentifier: 
  poseAction:
    actionPath: /actions/default/in/Pose
    needsReinit: 1
  inputSource: 2
  origin: {fileID: 0}
  onTransformUpdated:
    m_PersistentCalls:
      m_Calls: []
    m_TypeName: Valve.VR.SteamVR_Behaviour_PoseEvent, SteamVR, Version=0.0.0.0, Culture=neutral,
      PublicKeyToken=null
  onTransformChanged:
    m_PersistentCalls:
      m_Calls: []
    m_TypeName: Valve.VR.SteamVR_Behaviour_PoseEvent, SteamVR, Version=0.0.0.0, Culture=neutral,
      PublicKeyToken=null
  onConnectedChanged:
    m_PersistentCalls:
      m_Calls: []
    m_TypeName: Valve.VR.SteamVR_Behaviour_Pose_ConnectedChangedEvent, SteamVR, Version=0.0.0.0,
      Culture=neutral, PublicKeyToken=null
  onTrackingChanged:
    m_PersistentCalls:
      m_Calls: []
    m_TypeName: Valve.VR.SteamVR_Behaviour_Pose_TrackingChangedEvent, SteamVR, Version=0.0.0.0,
      Culture=neutral, PublicKeyToken=null
  onDeviceIndexChanged:
    m_PersistentCalls:
      m_Calls: []
    m_TypeName: Valve.VR.SteamVR_Behaviour_Pose_DeviceIndexChangedEvent, SteamVR,
      Version=0.0.0.0, Culture=neutral, PublicKeyToken=null
  broadcastDeviceChanges: 1
--- !u!1 &7046516379545920094
GameObject:
  m_ObjectHideFlags: 0
  m_CorrespondingSourceObject: {fileID: 0}
  m_PrefabInstance: {fileID: 0}
  m_PrefabAsset: {fileID: 0}
  serializedVersion: 6
  m_Component:
  - component: {fileID: 7046516379545645990}
  - component: {fileID: 7046516380291364176}
  - component: {fileID: 5784717205392007590}
  m_Layer: 0
  m_Name: LocalSandboxPlayer
  m_TagString: Untagged
  m_Icon: {fileID: 0}
  m_NavMeshLayer: 0
  m_StaticEditorFlags: 0
  m_IsActive: 1
--- !u!4 &7046516379545645990
Transform:
  m_ObjectHideFlags: 0
  m_CorrespondingSourceObject: {fileID: 0}
  m_PrefabInstance: {fileID: 0}
  m_PrefabAsset: {fileID: 0}
  m_GameObject: {fileID: 7046516379545920094}
  m_LocalRotation: {x: 0, y: 0, z: 0, w: 1}
  m_LocalPosition: {x: 0, y: 0, z: 0}
  m_LocalScale: {x: 1, y: 1, z: 1}
  m_Children:
  - {fileID: 7046516379545722708}
  - {fileID: 7046516379545664392}
  - {fileID: 7044884007320870844}
  - {fileID: 6766232957915574349}
  - {fileID: 3054900605444096692}
  m_Father: {fileID: 0}
  m_RootOrder: 0
  m_LocalEulerAnglesHint: {x: 0, y: 0, z: 0}
--- !u!114 &7046516380291364176
MonoBehaviour:
  m_ObjectHideFlags: 0
  m_CorrespondingSourceObject: {fileID: 0}
  m_PrefabInstance: {fileID: 0}
  m_PrefabAsset: {fileID: 0}
  m_GameObject: {fileID: 7046516379545920094}
  m_Enabled: 1
  m_EditorHideFlags: 0
  m_Script: {fileID: 11500000, guid: c496a441800a4bd294906ad310b392bb, type: 3}
  m_Name: 
  m_EditorClassIdentifier: 
  head: {fileID: 7044884007320870844}
  leftHand: {fileID: 7046516379545722708}
  rightHand: {fileID: 7046516379545664392}
  leftHandBaseScript: {fileID: 812708612229132099}
  rightHandBaseScript: {fileID: 2335194206306277821}
  voiceRecorderPrefab: {fileID: 165668747376165061, guid: 7c9d04e6afe73bf4bb70d203135710d4,
    type: 3}
  movableUi: {fileID: 2922984900892371983}
  selfReactionPivot: {fileID: 6136115836917496911}
  reactions:
  - Guid: 983149b7-a264-45b5-b8fd-f943127da076
  - Guid: a7c47edb-bb4c-42fd-8672-94340bce200c
  - Guid: 1759da38-e11f-464f-b4f1-7182fd774c19
  - Guid: 22c0d078-2e96-4beb-a172-165b47ad0584
  - Guid: 01c793fa-866a-4020-a021-b439866ab6d0
  - Guid: d1a5190c-ea0a-4fd6-9547-0c758f77dcc1
  - Guid: 0c5ac797-c580-4117-ba7c-d254916fbda4
  - Guid: 752b9833-a388-4ff3-984e-724686b077c2
  grabAction:
    actionPath: /actions/default/in/InteractUI
    needsReinit: 0
  teleportAction:
    actionPath: /actions/default/in/Teleport
    needsReinit: 0
  pointerAction:
    actionPath: /actions/default/in/Point
    needsReinit: 0
  openMenuAction:
    actionPath: /actions/default/in/OpenMenu
    needsReinit: 0
  rumbleAction:
    actionPath: /actions/default/out/Haptic
    needsReinit: 0
  vibrationFrequency: 32
--- !u!114 &5784717205392007590
MonoBehaviour:
  m_ObjectHideFlags: 0
  m_CorrespondingSourceObject: {fileID: 0}
  m_PrefabInstance: {fileID: 0}
  m_PrefabAsset: {fileID: 0}
  m_GameObject: {fileID: 7046516379545920094}
  m_Enabled: 1
  m_EditorHideFlags: 0
  m_Script: {fileID: 11500000, guid: bb38052bb9b64e6999a31145fc2847de, type: 3}
  m_Name: 
  m_EditorClassIdentifier: 
  objects:
  - {fileID: 5227371849475760777}
  delay: 3
--- !u!1 &7156331027055414962
GameObject:
  m_ObjectHideFlags: 0
  m_CorrespondingSourceObject: {fileID: 0}
  m_PrefabInstance: {fileID: 0}
  m_PrefabAsset: {fileID: 0}
  serializedVersion: 6
  m_Component:
  - component: {fileID: 6420376978254663784}
  m_Layer: 0
  m_Name: PivotPoint
  m_TagString: Untagged
  m_Icon: {fileID: 0}
  m_NavMeshLayer: 0
  m_StaticEditorFlags: 0
  m_IsActive: 1
--- !u!4 &6420376978254663784
Transform:
  m_ObjectHideFlags: 0
  m_CorrespondingSourceObject: {fileID: 0}
  m_PrefabInstance: {fileID: 0}
  m_PrefabAsset: {fileID: 0}
  m_GameObject: {fileID: 7156331027055414962}
  m_LocalRotation: {x: 0, y: 0, z: 0, w: 1}
  m_LocalPosition: {x: 0, y: 0, z: 0}
  m_LocalScale: {x: 0.0001, y: 0.0001, z: 0.0001}
  m_Children:
  - {fileID: 2291817178406251923}
  m_Father: {fileID: 6766232957915574349}
  m_RootOrder: 0
  m_LocalEulerAnglesHint: {x: 0, y: 0, z: 0}
--- !u!1001 &1318597712828719221
PrefabInstance:
  m_ObjectHideFlags: 0
  serializedVersion: 2
  m_Modification:
    m_TransformParent: {fileID: 7046516379545664392}
    m_Modifications:
    - target: {fileID: 1351470433941039145, guid: ff7ad9a2773aa5247aa4a056eeb094ed,
        type: 3}
      propertyPath: m_Name
      value: SteamVrGlove_Right
      objectReference: {fileID: 0}
    - target: {fileID: 6355250105585547351, guid: ff7ad9a2773aa5247aa4a056eeb094ed,
        type: 3}
      propertyPath: m_LocalPosition.x
      value: 0
      objectReference: {fileID: 0}
    - target: {fileID: 6355250105585547351, guid: ff7ad9a2773aa5247aa4a056eeb094ed,
        type: 3}
      propertyPath: m_LocalPosition.y
      value: 0
      objectReference: {fileID: 0}
    - target: {fileID: 6355250105585547351, guid: ff7ad9a2773aa5247aa4a056eeb094ed,
        type: 3}
      propertyPath: m_LocalPosition.z
      value: 0
      objectReference: {fileID: 0}
    - target: {fileID: 6355250105585547351, guid: ff7ad9a2773aa5247aa4a056eeb094ed,
        type: 3}
      propertyPath: m_LocalRotation.x
      value: -0
      objectReference: {fileID: 0}
    - target: {fileID: 6355250105585547351, guid: ff7ad9a2773aa5247aa4a056eeb094ed,
        type: 3}
      propertyPath: m_LocalRotation.y
      value: -0
      objectReference: {fileID: 0}
    - target: {fileID: 6355250105585547351, guid: ff7ad9a2773aa5247aa4a056eeb094ed,
        type: 3}
      propertyPath: m_LocalRotation.z
      value: -0
      objectReference: {fileID: 0}
    - target: {fileID: 6355250105585547351, guid: ff7ad9a2773aa5247aa4a056eeb094ed,
        type: 3}
      propertyPath: m_LocalRotation.w
      value: 1
      objectReference: {fileID: 0}
    - target: {fileID: 6355250105585547351, guid: ff7ad9a2773aa5247aa4a056eeb094ed,
        type: 3}
      propertyPath: m_RootOrder
      value: 0
      objectReference: {fileID: 0}
    - target: {fileID: 6355250105585547351, guid: ff7ad9a2773aa5247aa4a056eeb094ed,
        type: 3}
      propertyPath: m_LocalEulerAnglesHint.x
      value: 0
      objectReference: {fileID: 0}
    - target: {fileID: 6355250105585547351, guid: ff7ad9a2773aa5247aa4a056eeb094ed,
        type: 3}
      propertyPath: m_LocalEulerAnglesHint.y
      value: 0
      objectReference: {fileID: 0}
    - target: {fileID: 6355250105585547351, guid: ff7ad9a2773aa5247aa4a056eeb094ed,
        type: 3}
      propertyPath: m_LocalEulerAnglesHint.z
      value: 0
      objectReference: {fileID: 0}
    - target: {fileID: 7315668219977025318, guid: ff7ad9a2773aa5247aa4a056eeb094ed,
        type: 3}
      propertyPath: origin
      value: 
      objectReference: {fileID: 7046516379545645990}
    m_RemovedComponents: []
  m_SourcePrefab: {fileID: 100100000, guid: ff7ad9a2773aa5247aa4a056eeb094ed, type: 3}
--- !u!4 &5368004808059705378 stripped
Transform:
  m_CorrespondingSourceObject: {fileID: 6355250105585547351, guid: ff7ad9a2773aa5247aa4a056eeb094ed,
    type: 3}
  m_PrefabInstance: {fileID: 1318597712828719221}
  m_PrefabAsset: {fileID: 0}
--- !u!114 &2335194206306277821 stripped
MonoBehaviour:
  m_CorrespondingSourceObject: {fileID: 3613258405250333128, guid: ff7ad9a2773aa5247aa4a056eeb094ed,
    type: 3}
  m_PrefabInstance: {fileID: 1318597712828719221}
  m_PrefabAsset: {fileID: 0}
  m_GameObject: {fileID: 0}
  m_Enabled: 1
  m_EditorHideFlags: 0
  m_Script: {fileID: 11500000, guid: b17ab3d589654e65ba80ae76fd8032fc, type: 3}
  m_Name: 
  m_EditorClassIdentifier: 
--- !u!1001 &4673981094395016539
PrefabInstance:
  m_ObjectHideFlags: 0
  serializedVersion: 2
  m_Modification:
    m_TransformParent: {fileID: 7046516379545722708}
    m_Modifications:
    - target: {fileID: 1351470433941039145, guid: 8937983e4afac1d4c87a1870f41bbc99,
        type: 3}
      propertyPath: m_Name
      value: SteamVrGlove_Left
      objectReference: {fileID: 0}
    - target: {fileID: 6355250105585547351, guid: 8937983e4afac1d4c87a1870f41bbc99,
        type: 3}
      propertyPath: m_LocalPosition.x
      value: 0
      objectReference: {fileID: 0}
    - target: {fileID: 6355250105585547351, guid: 8937983e4afac1d4c87a1870f41bbc99,
        type: 3}
      propertyPath: m_LocalPosition.y
      value: 0
      objectReference: {fileID: 0}
    - target: {fileID: 6355250105585547351, guid: 8937983e4afac1d4c87a1870f41bbc99,
        type: 3}
      propertyPath: m_LocalPosition.z
      value: 0
      objectReference: {fileID: 0}
    - target: {fileID: 6355250105585547351, guid: 8937983e4afac1d4c87a1870f41bbc99,
        type: 3}
      propertyPath: m_LocalRotation.x
      value: 0
      objectReference: {fileID: 0}
    - target: {fileID: 6355250105585547351, guid: 8937983e4afac1d4c87a1870f41bbc99,
        type: 3}
      propertyPath: m_LocalRotation.y
      value: 0
      objectReference: {fileID: 0}
    - target: {fileID: 6355250105585547351, guid: 8937983e4afac1d4c87a1870f41bbc99,
        type: 3}
      propertyPath: m_LocalRotation.z
      value: 0
      objectReference: {fileID: 0}
    - target: {fileID: 6355250105585547351, guid: 8937983e4afac1d4c87a1870f41bbc99,
        type: 3}
      propertyPath: m_LocalRotation.w
      value: 1
      objectReference: {fileID: 0}
    - target: {fileID: 6355250105585547351, guid: 8937983e4afac1d4c87a1870f41bbc99,
        type: 3}
      propertyPath: m_RootOrder
      value: 0
      objectReference: {fileID: 0}
    - target: {fileID: 6355250105585547351, guid: 8937983e4afac1d4c87a1870f41bbc99,
        type: 3}
      propertyPath: m_LocalEulerAnglesHint.x
      value: 0
      objectReference: {fileID: 0}
    - target: {fileID: 6355250105585547351, guid: 8937983e4afac1d4c87a1870f41bbc99,
        type: 3}
      propertyPath: m_LocalEulerAnglesHint.y
      value: 0
      objectReference: {fileID: 0}
    - target: {fileID: 6355250105585547351, guid: 8937983e4afac1d4c87a1870f41bbc99,
        type: 3}
      propertyPath: m_LocalEulerAnglesHint.z
      value: 0
      objectReference: {fileID: 0}
    m_RemovedComponents: []
  m_SourcePrefab: {fileID: 100100000, guid: 8937983e4afac1d4c87a1870f41bbc99, type: 3}
--- !u!4 &1796711152227372300 stripped
Transform:
  m_CorrespondingSourceObject: {fileID: 6355250105585547351, guid: 8937983e4afac1d4c87a1870f41bbc99,
    type: 3}
  m_PrefabInstance: {fileID: 4673981094395016539}
  m_PrefabAsset: {fileID: 0}
--- !u!114 &812708612229132099 stripped
MonoBehaviour:
  m_CorrespondingSourceObject: {fileID: 5447670169249716760, guid: 8937983e4afac1d4c87a1870f41bbc99,
    type: 3}
  m_PrefabInstance: {fileID: 4673981094395016539}
  m_PrefabAsset: {fileID: 0}
  m_GameObject: {fileID: 0}
  m_Enabled: 1
  m_EditorHideFlags: 0
  m_Script: {fileID: 11500000, guid: b17ab3d589654e65ba80ae76fd8032fc, type: 3}
  m_Name: 
  m_EditorClassIdentifier: 
--- !u!1001 &6529844221198003432
PrefabInstance:
  m_ObjectHideFlags: 0
  serializedVersion: 2
  m_Modification:
    m_TransformParent: {fileID: 7046516379545645990}
    m_Modifications:
    - target: {fileID: 8149954681942447541, guid: 39409a1d95ab25648818dc4d56c8332c,
        type: 3}
      propertyPath: m_Name
      value: TeleportFeedback
      objectReference: {fileID: 0}
    - target: {fileID: 8141247341735439964, guid: 39409a1d95ab25648818dc4d56c8332c,
        type: 3}
      propertyPath: m_LocalPosition.x
      value: 0
      objectReference: {fileID: 0}
    - target: {fileID: 8141247341735439964, guid: 39409a1d95ab25648818dc4d56c8332c,
        type: 3}
      propertyPath: m_LocalPosition.y
      value: 0
      objectReference: {fileID: 0}
    - target: {fileID: 8141247341735439964, guid: 39409a1d95ab25648818dc4d56c8332c,
        type: 3}
      propertyPath: m_LocalPosition.z
      value: 0
      objectReference: {fileID: 0}
    - target: {fileID: 8141247341735439964, guid: 39409a1d95ab25648818dc4d56c8332c,
        type: 3}
      propertyPath: m_LocalRotation.x
      value: -0
      objectReference: {fileID: 0}
    - target: {fileID: 8141247341735439964, guid: 39409a1d95ab25648818dc4d56c8332c,
        type: 3}
      propertyPath: m_LocalRotation.y
      value: -0
      objectReference: {fileID: 0}
    - target: {fileID: 8141247341735439964, guid: 39409a1d95ab25648818dc4d56c8332c,
        type: 3}
      propertyPath: m_LocalRotation.z
      value: -0
      objectReference: {fileID: 0}
    - target: {fileID: 8141247341735439964, guid: 39409a1d95ab25648818dc4d56c8332c,
        type: 3}
      propertyPath: m_LocalRotation.w
      value: 1
      objectReference: {fileID: 0}
    - target: {fileID: 8141247341735439964, guid: 39409a1d95ab25648818dc4d56c8332c,
        type: 3}
      propertyPath: m_RootOrder
      value: 4
      objectReference: {fileID: 0}
    - target: {fileID: 8141247341735439964, guid: 39409a1d95ab25648818dc4d56c8332c,
        type: 3}
      propertyPath: m_LocalEulerAnglesHint.x
      value: 0
      objectReference: {fileID: 0}
    - target: {fileID: 8141247341735439964, guid: 39409a1d95ab25648818dc4d56c8332c,
        type: 3}
      propertyPath: m_LocalEulerAnglesHint.y
      value: 0
      objectReference: {fileID: 0}
    - target: {fileID: 8141247341735439964, guid: 39409a1d95ab25648818dc4d56c8332c,
        type: 3}
      propertyPath: m_LocalEulerAnglesHint.z
      value: 0
      objectReference: {fileID: 0}
    - target: {fileID: 8854099528254666178, guid: 39409a1d95ab25648818dc4d56c8332c,
        type: 3}
      propertyPath: m_LocalRotation.x
      value: 0
      objectReference: {fileID: 0}
    - target: {fileID: 8854099528254666178, guid: 39409a1d95ab25648818dc4d56c8332c,
        type: 3}
      propertyPath: m_LocalRotation.y
      value: 0
      objectReference: {fileID: 0}
    - target: {fileID: 8854099528254666178, guid: 39409a1d95ab25648818dc4d56c8332c,
        type: 3}
      propertyPath: m_LocalRotation.z
      value: 0
      objectReference: {fileID: 0}
    - target: {fileID: 8854099528254666178, guid: 39409a1d95ab25648818dc4d56c8332c,
        type: 3}
      propertyPath: m_LocalRotation.w
      value: 1
      objectReference: {fileID: 0}
    - target: {fileID: 81521160767902108, guid: 39409a1d95ab25648818dc4d56c8332c,
        type: 3}
      propertyPath: m_LocalPosition.x
      value: 0
      objectReference: {fileID: 0}
    m_RemovedComponents: []
  m_SourcePrefab: {fileID: 100100000, guid: 39409a1d95ab25648818dc4d56c8332c, type: 3}
--- !u!4 &3054900605444096692 stripped
Transform:
  m_CorrespondingSourceObject: {fileID: 8141247341735439964, guid: 39409a1d95ab25648818dc4d56c8332c,
    type: 3}
  m_PrefabInstance: {fileID: 6529844221198003432}
  m_PrefabAsset: {fileID: 0}
--- !u!1001 &7583620877116438174
PrefabInstance:
  m_ObjectHideFlags: 0
  serializedVersion: 2
  m_Modification:
    m_TransformParent: {fileID: 6420376978254663784}
    m_Modifications:
    - target: {fileID: 8570425505189731086, guid: 9ee8083240e9a674e90e0ae6e6890eba,
        type: 3}
      propertyPath: m_Name
      value: Canvas
      objectReference: {fileID: 0}
    - target: {fileID: 8570425505189731085, guid: 9ee8083240e9a674e90e0ae6e6890eba,
        type: 3}
      propertyPath: m_LocalPosition.x
      value: 0
      objectReference: {fileID: 0}
    - target: {fileID: 8570425505189731085, guid: 9ee8083240e9a674e90e0ae6e6890eba,
        type: 3}
      propertyPath: m_LocalPosition.y
      value: 0
      objectReference: {fileID: 0}
    - target: {fileID: 8570425505189731085, guid: 9ee8083240e9a674e90e0ae6e6890eba,
        type: 3}
      propertyPath: m_LocalPosition.z
      value: 0
      objectReference: {fileID: 0}
    - target: {fileID: 8570425505189731085, guid: 9ee8083240e9a674e90e0ae6e6890eba,
        type: 3}
      propertyPath: m_LocalRotation.x
      value: -0
      objectReference: {fileID: 0}
    - target: {fileID: 8570425505189731085, guid: 9ee8083240e9a674e90e0ae6e6890eba,
        type: 3}
      propertyPath: m_LocalRotation.y
      value: -0
      objectReference: {fileID: 0}
    - target: {fileID: 8570425505189731085, guid: 9ee8083240e9a674e90e0ae6e6890eba,
        type: 3}
      propertyPath: m_LocalRotation.z
      value: -0
      objectReference: {fileID: 0}
    - target: {fileID: 8570425505189731085, guid: 9ee8083240e9a674e90e0ae6e6890eba,
        type: 3}
      propertyPath: m_LocalRotation.w
      value: 1
      objectReference: {fileID: 0}
    - target: {fileID: 8570425505189731085, guid: 9ee8083240e9a674e90e0ae6e6890eba,
        type: 3}
      propertyPath: m_RootOrder
      value: 0
      objectReference: {fileID: 0}
    - target: {fileID: 8570425505189731085, guid: 9ee8083240e9a674e90e0ae6e6890eba,
        type: 3}
      propertyPath: m_LocalEulerAnglesHint.x
      value: 0
      objectReference: {fileID: 0}
    - target: {fileID: 8570425505189731085, guid: 9ee8083240e9a674e90e0ae6e6890eba,
        type: 3}
      propertyPath: m_LocalEulerAnglesHint.y
      value: 0
      objectReference: {fileID: 0}
    - target: {fileID: 8570425505189731085, guid: 9ee8083240e9a674e90e0ae6e6890eba,
        type: 3}
      propertyPath: m_LocalEulerAnglesHint.z
      value: 0
      objectReference: {fileID: 0}
    - target: {fileID: 8570425505189731085, guid: 9ee8083240e9a674e90e0ae6e6890eba,
        type: 3}
      propertyPath: m_AnchoredPosition.x
      value: 0
      objectReference: {fileID: 0}
    - target: {fileID: 8570425505189731085, guid: 9ee8083240e9a674e90e0ae6e6890eba,
        type: 3}
      propertyPath: m_AnchoredPosition.y
      value: 0
      objectReference: {fileID: 0}
    - target: {fileID: 8570425505189731085, guid: 9ee8083240e9a674e90e0ae6e6890eba,
        type: 3}
      propertyPath: m_SizeDelta.x
      value: 1920
      objectReference: {fileID: 0}
    - target: {fileID: 8570425505189731085, guid: 9ee8083240e9a674e90e0ae6e6890eba,
        type: 3}
      propertyPath: m_SizeDelta.y
      value: 1080
      objectReference: {fileID: 0}
    - target: {fileID: 8570425505189731085, guid: 9ee8083240e9a674e90e0ae6e6890eba,
        type: 3}
      propertyPath: m_AnchorMin.x
      value: 0
      objectReference: {fileID: 0}
    - target: {fileID: 8570425505189731085, guid: 9ee8083240e9a674e90e0ae6e6890eba,
        type: 3}
      propertyPath: m_AnchorMin.y
      value: 0
      objectReference: {fileID: 0}
    - target: {fileID: 8570425505189731085, guid: 9ee8083240e9a674e90e0ae6e6890eba,
        type: 3}
      propertyPath: m_AnchorMax.x
      value: 0
      objectReference: {fileID: 0}
    - target: {fileID: 8570425505189731085, guid: 9ee8083240e9a674e90e0ae6e6890eba,
        type: 3}
      propertyPath: m_AnchorMax.y
      value: 0
      objectReference: {fileID: 0}
    - target: {fileID: 8570425505189731085, guid: 9ee8083240e9a674e90e0ae6e6890eba,
        type: 3}
      propertyPath: m_Pivot.x
      value: 0.5
      objectReference: {fileID: 0}
    - target: {fileID: 8570425505189731085, guid: 9ee8083240e9a674e90e0ae6e6890eba,
        type: 3}
      propertyPath: m_Pivot.y
      value: 0.5
      objectReference: {fileID: 0}
    - target: {fileID: 7388110733044790304, guid: 9ee8083240e9a674e90e0ae6e6890eba,
        type: 3}
      propertyPath: m_IsTrigger
      value: 1
      objectReference: {fileID: 0}
    - target: {fileID: 5799190742279830685, guid: 9ee8083240e9a674e90e0ae6e6890eba,
        type: 3}
      propertyPath: m_textInfo.characterCount
      value: 13
      objectReference: {fileID: 0}
    - target: {fileID: 5799190742279830685, guid: 9ee8083240e9a674e90e0ae6e6890eba,
        type: 3}
      propertyPath: m_textInfo.wordCount
      value: 2
      objectReference: {fileID: 0}
    - target: {fileID: 5799190742279830685, guid: 9ee8083240e9a674e90e0ae6e6890eba,
        type: 3}
      propertyPath: m_textInfo.lineCount
      value: 2
      objectReference: {fileID: 0}
    - target: {fileID: 5799190742279830685, guid: 9ee8083240e9a674e90e0ae6e6890eba,
        type: 3}
      propertyPath: m_textInfo.pageCount
      value: 1
      objectReference: {fileID: 0}
    - target: {fileID: 3414454393244894871, guid: 9ee8083240e9a674e90e0ae6e6890eba,
        type: 3}
      propertyPath: m_textInfo.characterCount
      value: 9
      objectReference: {fileID: 0}
    - target: {fileID: 3414454393244894871, guid: 9ee8083240e9a674e90e0ae6e6890eba,
        type: 3}
      propertyPath: m_textInfo.wordCount
      value: 1
      objectReference: {fileID: 0}
    - target: {fileID: 3414454393244894871, guid: 9ee8083240e9a674e90e0ae6e6890eba,
        type: 3}
      propertyPath: m_textInfo.lineCount
      value: 1
      objectReference: {fileID: 0}
    - target: {fileID: 3414454393244894871, guid: 9ee8083240e9a674e90e0ae6e6890eba,
        type: 3}
      propertyPath: m_textInfo.pageCount
      value: 1
      objectReference: {fileID: 0}
    - target: {fileID: 321581784500926210, guid: 9ee8083240e9a674e90e0ae6e6890eba,
        type: 3}
      propertyPath: m_IsTrigger
      value: 1
      objectReference: {fileID: 0}
    - target: {fileID: 8570425504275931195, guid: 9ee8083240e9a674e90e0ae6e6890eba,
        type: 3}
      propertyPath: m_textInfo.characterCount
      value: 6
      objectReference: {fileID: 0}
    - target: {fileID: 8570425504275931195, guid: 9ee8083240e9a674e90e0ae6e6890eba,
        type: 3}
      propertyPath: m_textInfo.spaceCount
      value: 1
      objectReference: {fileID: 0}
    - target: {fileID: 8570425504275931195, guid: 9ee8083240e9a674e90e0ae6e6890eba,
        type: 3}
      propertyPath: m_textInfo.wordCount
      value: 1
      objectReference: {fileID: 0}
    - target: {fileID: 8570425504275931195, guid: 9ee8083240e9a674e90e0ae6e6890eba,
        type: 3}
      propertyPath: m_textInfo.lineCount
      value: 1
      objectReference: {fileID: 0}
    - target: {fileID: 8570425504275931195, guid: 9ee8083240e9a674e90e0ae6e6890eba,
        type: 3}
      propertyPath: m_textInfo.pageCount
      value: 1
      objectReference: {fileID: 0}
    - target: {fileID: 7958534439566107899, guid: 9ee8083240e9a674e90e0ae6e6890eba,
        type: 3}
      propertyPath: m_textInfo.characterCount
      value: 1
      objectReference: {fileID: 0}
    - target: {fileID: 7958534439566107899, guid: 9ee8083240e9a674e90e0ae6e6890eba,
        type: 3}
      propertyPath: m_textInfo.wordCount
      value: 1
      objectReference: {fileID: 0}
    - target: {fileID: 7958534439566107899, guid: 9ee8083240e9a674e90e0ae6e6890eba,
        type: 3}
      propertyPath: m_textInfo.lineCount
      value: 1
      objectReference: {fileID: 0}
    - target: {fileID: 7958534439566107899, guid: 9ee8083240e9a674e90e0ae6e6890eba,
        type: 3}
      propertyPath: m_textInfo.pageCount
      value: 1
      objectReference: {fileID: 0}
    - target: {fileID: 923682315298664233, guid: 9ee8083240e9a674e90e0ae6e6890eba,
        type: 3}
      propertyPath: m_IsTrigger
      value: 1
      objectReference: {fileID: 0}
    m_RemovedComponents: []
  m_SourcePrefab: {fileID: 100100000, guid: 9ee8083240e9a674e90e0ae6e6890eba, type: 3}
--- !u!224 &2291817178406251923 stripped
RectTransform:
  m_CorrespondingSourceObject: {fileID: 8570425505189731085, guid: 9ee8083240e9a674e90e0ae6e6890eba,
    type: 3}
  m_PrefabInstance: {fileID: 7583620877116438174}
  m_PrefabAsset: {fileID: 0}
