%YAML 1.1
%TAG !u! tag:unity3d.com,2011:
--- !u!1 &873999392523796224
GameObject:
  m_ObjectHideFlags: 0
  m_CorrespondingSourceObject: {fileID: 0}
  m_PrefabInstance: {fileID: 0}
  m_PrefabAsset: {fileID: 0}
  serializedVersion: 6
  m_Component:
  - component: {fileID: 873999392524084064}
  - component: {fileID: 873999392533171390}
  - component: {fileID: 796073321725901929}
  m_Layer: 0
  m_Name: RemoteRightHand
  m_TagString: Untagged
  m_Icon: {fileID: 0}
  m_NavMeshLayer: 0
  m_StaticEditorFlags: 0
  m_IsActive: 1
--- !u!4 &873999392524084064
Transform:
  m_ObjectHideFlags: 0
  m_CorrespondingSourceObject: {fileID: 0}
  m_PrefabInstance: {fileID: 0}
  m_PrefabAsset: {fileID: 0}
  m_GameObject: {fileID: 873999392523796224}
  m_LocalRotation: {x: 0, y: 0, z: 0, w: 1}
  m_LocalPosition: {x: 0.0368, y: -0.0492, z: -0.106}
  m_LocalScale: {x: 1, y: 1, z: 1}
  m_Children:
  - {fileID: 873999392524084068}
  - {fileID: 873999392524084066}
  m_Father: {fileID: 0}
  m_RootOrder: 0
  m_LocalEulerAnglesHint: {x: 0, y: 0, z: 0}
--- !u!95 &873999392533171390
Animator:
  serializedVersion: 3
  m_ObjectHideFlags: 0
  m_CorrespondingSourceObject: {fileID: 0}
  m_PrefabInstance: {fileID: 0}
  m_PrefabAsset: {fileID: 0}
  m_GameObject: {fileID: 873999392523796224}
  m_Enabled: 1
  m_Avatar: {fileID: 9000000, guid: ce94804a45828824b95ecce821352e56, type: 3}
  m_Controller: {fileID: 9100000, guid: d9fb5a4817bc3b34ba683030d0e5e277, type: 2}
  m_CullingMode: 1
  m_UpdateMode: 0
  m_ApplyRootMotion: 0
  m_LinearVelocityBlending: 0
  m_WarningMessage: 
  m_HasTransformHierarchy: 1
  m_AllowConstantClipSamplingOptimization: 1
  m_KeepAnimatorControllerStateOnDisable: 0
--- !u!114 &796073321725901929
MonoBehaviour:
  m_ObjectHideFlags: 0
  m_CorrespondingSourceObject: {fileID: 0}
  m_PrefabInstance: {fileID: 0}
  m_PrefabAsset: {fileID: 0}
  m_GameObject: {fileID: 873999392523796224}
  m_Enabled: 1
  m_EditorHideFlags: 0
  m_Script: {fileID: 11500000, guid: 01b4f94bc446abd4282a4723dbd2f9f9, type: 3}
  m_Name: 
  m_EditorClassIdentifier: 
  handAnimator: {fileID: 873999392533171390}
  thumbFinger:
    name: Thumb
    index: -1
  indexFinger:
    name: Index
    index: -1
  middleFinger:
    name: Middle
    index: -1
  ringFinger:
    name: Ring
    index: -1
  pinkyFinger:
    name: Pinky
    index: -1
--- !u!1 &873999392523796226
GameObject:
  m_ObjectHideFlags: 0
  m_CorrespondingSourceObject: {fileID: 0}
  m_PrefabInstance: {fileID: 0}
  m_PrefabAsset: {fileID: 0}
  serializedVersion: 6
  m_Component:
  - component: {fileID: 873999392524084066}
  - component: {fileID: 873999392529003134}
  m_Layer: 0
  m_Name: VR_Hand_Model
  m_TagString: Untagged
  m_Icon: {fileID: 0}
  m_NavMeshLayer: 0
  m_StaticEditorFlags: 0
  m_IsActive: 1
--- !u!4 &873999392524084066
Transform:
  m_ObjectHideFlags: 0
  m_CorrespondingSourceObject: {fileID: 0}
  m_PrefabInstance: {fileID: 0}
  m_PrefabAsset: {fileID: 0}
  m_GameObject: {fileID: 873999392523796226}
  m_LocalRotation: {x: 0, y: -0, z: -0, w: 1}
  m_LocalPosition: {x: -0, y: 0, z: 0}
  m_LocalScale: {x: 1, y: 1, z: 1}
  m_Children: []
  m_Father: {fileID: 873999392524084064}
  m_RootOrder: 1
  m_LocalEulerAnglesHint: {x: 0, y: 0, z: 0}
--- !u!137 &873999392529003134
SkinnedMeshRenderer:
  m_ObjectHideFlags: 0
  m_CorrespondingSourceObject: {fileID: 0}
  m_PrefabInstance: {fileID: 0}
  m_PrefabAsset: {fileID: 0}
  m_GameObject: {fileID: 873999392523796226}
  m_Enabled: 1
  m_CastShadows: 1
  m_ReceiveShadows: 1
  m_DynamicOccludee: 1
  m_MotionVectors: 1
  m_LightProbeUsage: 1
  m_ReflectionProbeUsage: 1
  m_RenderingLayerMask: 1
  m_RendererPriority: 0
  m_Materials:
  - {fileID: 2100000, guid: 36ea76d6fcbd6a74b8ce0d7b66af8d1d, type: 2}
  m_StaticBatchInfo:
    firstSubMesh: 0
    subMeshCount: 0
  m_StaticBatchRoot: {fileID: 0}
  m_ProbeAnchor: {fileID: 0}
  m_LightProbeVolumeOverride: {fileID: 0}
  m_ScaleInLightmap: 1
  m_PreserveUVs: 0
  m_IgnoreNormalsForChartDetection: 0
  m_ImportantGI: 0
  m_StitchLightmapSeams: 0
  m_SelectedEditorRenderState: 3
  m_MinimumChartSize: 4
  m_AutoUVMaxDistance: 0.5
  m_AutoUVMaxAngle: 89
  m_LightmapParameters: {fileID: 0}
  m_SortingLayerID: 0
  m_SortingLayer: 0
  m_SortingOrder: 0
  serializedVersion: 2
  m_Quality: 0
  m_UpdateWhenOffscreen: 0
  m_SkinnedMotionVectors: 1
  m_Mesh: {fileID: 4300000, guid: ce94804a45828824b95ecce821352e56, type: 3}
  m_Bones:
  - {fileID: 873999392524084068}
  - {fileID: 873999392524083998}
  - {fileID: 873999392524084078}
  - {fileID: 873999392524084076}
  - {fileID: 873999392524084074}
  - {fileID: 873999392524084070}
  - {fileID: 873999392524084056}
  - {fileID: 873999392524084062}
  - {fileID: 873999392524084060}
  - {fileID: 873999392524084058}
  - {fileID: 873999392524084052}
  - {fileID: 873999392524084044}
  - {fileID: 873999392524084050}
  - {fileID: 873999392524084048}
  - {fileID: 873999392524084046}
  - {fileID: 873999392524084040}
  - {fileID: 873999392524084084}
  - {fileID: 873999392524084090}
  - {fileID: 873999392524084088}
  - {fileID: 873999392524084086}
  - {fileID: 873999392524084080}
  - {fileID: 873999392524084032}
  - {fileID: 873999392524084038}
  - {fileID: 873999392524084036}
  - {fileID: 873999392524084034}
  - {fileID: 873999392524084092}
  - {fileID: 873999392524084072}
  - {fileID: 873999392524084054}
  - {fileID: 873999392524084042}
  - {fileID: 873999392524084082}
  - {fileID: 873999392524084094}
  m_BlendShapeWeights: []
  m_RootBone: {fileID: 873999392524084068}
  m_AABB:
    m_Center: {x: -0.0086346455, y: 0.0091226585, z: 0.07361392}
    m_Extent: {x: 0.051511, y: 0.071263045, z: 0.09468373}
  m_DirtyAABB: 0
--- !u!1 &873999392523796228
GameObject:
  m_ObjectHideFlags: 0
  m_CorrespondingSourceObject: {fileID: 0}
  m_PrefabInstance: {fileID: 0}
  m_PrefabAsset: {fileID: 0}
  serializedVersion: 6
  m_Component:
  - component: {fileID: 873999392524084068}
  m_Layer: 0
  m_Name: Root
  m_TagString: Untagged
  m_Icon: {fileID: 0}
  m_NavMeshLayer: 0
  m_StaticEditorFlags: 0
  m_IsActive: 1
--- !u!4 &873999392524084068
Transform:
  m_ObjectHideFlags: 0
  m_CorrespondingSourceObject: {fileID: 0}
  m_PrefabInstance: {fileID: 0}
  m_PrefabAsset: {fileID: 0}
  m_GameObject: {fileID: 873999392523796228}
  m_LocalRotation: {x: 0, y: -0, z: -0, w: 1}
  m_LocalPosition: {x: -0, y: 0, z: 0}
  m_LocalScale: {x: 1, y: 1, z: 1}
  m_Children:
  - {fileID: 873999392524084054}
  - {fileID: 873999392524084042}
  - {fileID: 873999392524084094}
  - {fileID: 873999392524084082}
  - {fileID: 873999392524084072}
  - {fileID: 873999392524083998}
  m_Father: {fileID: 873999392524084064}
  m_RootOrder: 0
  m_LocalEulerAnglesHint: {x: 0, y: 0, z: 0}
--- !u!1 &873999392523796230
GameObject:
  m_ObjectHideFlags: 0
  m_CorrespondingSourceObject: {fileID: 0}
  m_PrefabInstance: {fileID: 0}
  m_PrefabAsset: {fileID: 0}
  serializedVersion: 6
  m_Component:
  - component: {fileID: 873999392524084070}
  m_Layer: 0
  m_Name: finger_thumb_r_end
  m_TagString: Untagged
  m_Icon: {fileID: 0}
  m_NavMeshLayer: 0
  m_StaticEditorFlags: 0
  m_IsActive: 1
--- !u!4 &873999392524084070
Transform:
  m_ObjectHideFlags: 0
  m_CorrespondingSourceObject: {fileID: 0}
  m_PrefabInstance: {fileID: 0}
  m_PrefabAsset: {fileID: 0}
  m_GameObject: {fileID: 873999392523796230}
  m_LocalRotation: {x: 0, y: -0, z: -1.7347235e-16, w: 1}
  m_LocalPosition: {x: 0.030463902, y: 0.00000016269207, z: 0.0000000792839}
  m_LocalScale: {x: 1, y: 1, z: 1}
  m_Children: []
  m_Father: {fileID: 873999392524084074}
  m_RootOrder: 0
  m_LocalEulerAnglesHint: {x: 0, y: 0, z: 0}
--- !u!1 &873999392523796232
GameObject:
  m_ObjectHideFlags: 0
  m_CorrespondingSourceObject: {fileID: 0}
  m_PrefabInstance: {fileID: 0}
  m_PrefabAsset: {fileID: 0}
  serializedVersion: 6
  m_Component:
  - component: {fileID: 873999392524084072}
  m_Layer: 0
  m_Name: finger_thumb_r_aux
  m_TagString: Untagged
  m_Icon: {fileID: 0}
  m_NavMeshLayer: 0
  m_StaticEditorFlags: 0
  m_IsActive: 1
--- !u!4 &873999392524084072
Transform:
  m_ObjectHideFlags: 0
  m_CorrespondingSourceObject: {fileID: 0}
  m_PrefabInstance: {fileID: 0}
  m_PrefabAsset: {fileID: 0}
  m_GameObject: {fileID: 873999392523796232}
  m_LocalRotation: {x: -0.012469768, y: -0.7730664, z: 0.13646425, w: 0.6193468}
  m_LocalPosition: {x: -0.03733834, y: 0.058213674, z: 0.076112784}
  m_LocalScale: {x: 1, y: 1, z: 1}
  m_Children: []
  m_Father: {fileID: 873999392524084068}
  m_RootOrder: 4
  m_LocalEulerAnglesHint: {x: 0, y: 0, z: 0}
--- !u!1 &873999392523796234
GameObject:
  m_ObjectHideFlags: 0
  m_CorrespondingSourceObject: {fileID: 0}
  m_PrefabInstance: {fileID: 0}
  m_PrefabAsset: {fileID: 0}
  serializedVersion: 6
  m_Component:
  - component: {fileID: 873999392524084074}
  m_Layer: 0
  m_Name: finger_thumb_2_r
  m_TagString: Untagged
  m_Icon: {fileID: 0}
  m_NavMeshLayer: 0
  m_StaticEditorFlags: 0
  m_IsActive: 1
--- !u!4 &873999392524084074
Transform:
  m_ObjectHideFlags: 0
  m_CorrespondingSourceObject: {fileID: 0}
  m_PrefabInstance: {fileID: 0}
  m_PrefabAsset: {fileID: 0}
  m_GameObject: {fileID: 873999392523796234}
  m_LocalRotation: {x: 0.0002170361, y: -0.0013893665, z: -0.068371765, w: 0.9976589}
  m_LocalPosition: {x: 0.028581342, y: -0.000053434807, z: 0}
  m_LocalScale: {x: 1, y: 1, z: 1}
  m_Children:
  - {fileID: 873999392524084070}
  m_Father: {fileID: 873999392524084076}
  m_RootOrder: 0
  m_LocalEulerAnglesHint: {x: 0, y: 0, z: 0}
--- !u!1 &873999392523796236
GameObject:
  m_ObjectHideFlags: 0
  m_CorrespondingSourceObject: {fileID: 0}
  m_PrefabInstance: {fileID: 0}
  m_PrefabAsset: {fileID: 0}
  serializedVersion: 6
  m_Component:
  - component: {fileID: 873999392524084076}
  m_Layer: 0
  m_Name: finger_thumb_1_r
  m_TagString: Untagged
  m_Icon: {fileID: 0}
  m_NavMeshLayer: 0
  m_StaticEditorFlags: 0
  m_IsActive: 1
--- !u!4 &873999392524084076
Transform:
  m_ObjectHideFlags: 0
  m_CorrespondingSourceObject: {fileID: 0}
  m_PrefabInstance: {fileID: 0}
  m_PrefabAsset: {fileID: 0}
  m_GameObject: {fileID: 873999392523796236}
  m_LocalRotation: {x: -0.000021679703, y: 0.0013730363, z: -0.1876122, w: 0.9822422}
  m_LocalPosition: {x: 0.03437916, y: -0.000000051561553, z: 0.00000004544719}
  m_LocalScale: {x: 1, y: 1, z: 1}
  m_Children:
  - {fileID: 873999392524084074}
  m_Father: {fileID: 873999392524084078}
  m_RootOrder: 0
  m_LocalEulerAnglesHint: {x: 0, y: 0, z: 0}
--- !u!1 &873999392523796238
GameObject:
  m_ObjectHideFlags: 0
  m_CorrespondingSourceObject: {fileID: 0}
  m_PrefabInstance: {fileID: 0}
  m_PrefabAsset: {fileID: 0}
  serializedVersion: 6
  m_Component:
  - component: {fileID: 873999392524084078}
  m_Layer: 0
  m_Name: finger_thumb_0_r
  m_TagString: Untagged
  m_Icon: {fileID: 0}
  m_NavMeshLayer: 0
  m_StaticEditorFlags: 0
  m_IsActive: 1
--- !u!4 &873999392524084078
Transform:
  m_ObjectHideFlags: 0
  m_CorrespondingSourceObject: {fileID: 0}
  m_PrefabInstance: {fileID: 0}
  m_PrefabAsset: {fileID: 0}
  m_GameObject: {fileID: 873999392523796238}
  m_LocalRotation: {x: -0.2085785, y: -0.7444292, z: 0.28962147, w: 0.56430453}
  m_LocalPosition: {x: -0.020921642, y: 0.027281106, z: 0.025839152}
  m_LocalScale: {x: 1, y: 1, z: 1}
  m_Children:
  - {fileID: 873999392524084076}
  m_Father: {fileID: 873999392524083998}
  m_RootOrder: 4
  m_LocalEulerAnglesHint: {x: 0, y: 0, z: 0}
--- !u!1 &873999392523796240
GameObject:
  m_ObjectHideFlags: 0
  m_CorrespondingSourceObject: {fileID: 0}
  m_PrefabInstance: {fileID: 0}
  m_PrefabAsset: {fileID: 0}
  serializedVersion: 6
  m_Component:
  - component: {fileID: 873999392524084080}
  m_Layer: 0
  m_Name: finger_ring_r_end
  m_TagString: Untagged
  m_Icon: {fileID: 0}
  m_NavMeshLayer: 0
  m_StaticEditorFlags: 0
  m_IsActive: 1
--- !u!4 &873999392524084080
Transform:
  m_ObjectHideFlags: 0
  m_CorrespondingSourceObject: {fileID: 0}
  m_PrefabInstance: {fileID: 0}
  m_PrefabAsset: {fileID: 0}
  m_GameObject: {fileID: 873999392523796240}
  m_LocalRotation: {x: 2.311116e-33, y: 8.326673e-17, z: -2.7755576e-17, w: 1}
  m_LocalPosition: {x: 0.02772866, y: 0.00000010846127, z: -0.000000017428562}
  m_LocalScale: {x: 1, y: 1, z: 1}
  m_Children: []
  m_Father: {fileID: 873999392524084086}
  m_RootOrder: 0
  m_LocalEulerAnglesHint: {x: 0, y: 0, z: 0}
--- !u!1 &873999392523796242
GameObject:
  m_ObjectHideFlags: 0
  m_CorrespondingSourceObject: {fileID: 0}
  m_PrefabInstance: {fileID: 0}
  m_PrefabAsset: {fileID: 0}
  serializedVersion: 6
  m_Component:
  - component: {fileID: 873999392524084082}
  m_Layer: 0
  m_Name: finger_ring_r_aux
  m_TagString: Untagged
  m_Icon: {fileID: 0}
  m_NavMeshLayer: 0
  m_StaticEditorFlags: 0
  m_IsActive: 1
--- !u!4 &873999392524084082
Transform:
  m_ObjectHideFlags: 0
  m_CorrespondingSourceObject: {fileID: 0}
  m_PrefabInstance: {fileID: 0}
  m_PrefabAsset: {fileID: 0}
  m_GameObject: {fileID: 873999392523796242}
  m_LocalRotation: {x: 0.17238039, y: 0.64143133, z: 0.7298041, w: -0.16197833}
  m_LocalPosition: {x: -0.015190541, y: -0.017574837, z: 0.14251669}
  m_LocalScale: {x: 1, y: 1, z: 1}
  m_Children: []
  m_Father: {fileID: 873999392524084068}
  m_RootOrder: 3
  m_LocalEulerAnglesHint: {x: 0, y: 0, z: 0}
--- !u!1 &873999392523796244
GameObject:
  m_ObjectHideFlags: 0
  m_CorrespondingSourceObject: {fileID: 0}
  m_PrefabInstance: {fileID: 0}
  m_PrefabAsset: {fileID: 0}
  serializedVersion: 6
  m_Component:
  - component: {fileID: 873999392524084084}
  m_Layer: 0
  m_Name: finger_ring_meta_r
  m_TagString: Untagged
  m_Icon: {fileID: 0}
  m_NavMeshLayer: 0
  m_StaticEditorFlags: 0
  m_IsActive: 1
--- !u!4 &873999392524084084
Transform:
  m_ObjectHideFlags: 0
  m_CorrespondingSourceObject: {fileID: 0}
  m_PrefabInstance: {fileID: 0}
  m_PrefabAsset: {fileID: 0}
  m_GameObject: {fileID: 873999392523796244}
  m_LocalRotation: {x: -0.52627957, y: -0.430621, z: -0.49481082, w: 0.5410709}
  m_LocalPosition: {x: 0.0005134356, y: -0.0065451227, z: 0.016347693}
  m_LocalScale: {x: 1, y: 1, z: 1}
  m_Children:
  - {fileID: 873999392524084090}
  m_Father: {fileID: 873999392524083998}
  m_RootOrder: 3
  m_LocalEulerAnglesHint: {x: 0, y: 0, z: 0}
--- !u!1 &873999392523796246
GameObject:
  m_ObjectHideFlags: 0
  m_CorrespondingSourceObject: {fileID: 0}
  m_PrefabInstance: {fileID: 0}
  m_PrefabAsset: {fileID: 0}
  serializedVersion: 6
  m_Component:
  - component: {fileID: 873999392524084086}
  m_Layer: 0
  m_Name: finger_ring_2_r
  m_TagString: Untagged
  m_Icon: {fileID: 0}
  m_NavMeshLayer: 0
  m_StaticEditorFlags: 0
  m_IsActive: 1
--- !u!4 &873999392524084086
Transform:
  m_ObjectHideFlags: 0
  m_CorrespondingSourceObject: {fileID: 0}
  m_PrefabInstance: {fileID: 0}
  m_PrefabAsset: {fileID: 0}
  m_GameObject: {fileID: 873999392523796246}
  m_LocalRotation: {x: 0.00019483111, y: 0.0042627244, z: -0.13535824, w: 0.99078757}
  m_LocalPosition: {x: 0.023452073, y: 0.0000000034877314, z: 0.00000007339703}
  m_LocalScale: {x: 1, y: 1, z: 1}
  m_Children:
  - {fileID: 873999392524084080}
  m_Father: {fileID: 873999392524084088}
  m_RootOrder: 0
  m_LocalEulerAnglesHint: {x: 0, y: 0, z: 0}
--- !u!1 &873999392523796248
GameObject:
  m_ObjectHideFlags: 0
  m_CorrespondingSourceObject: {fileID: 0}
  m_PrefabInstance: {fileID: 0}
  m_PrefabAsset: {fileID: 0}
  serializedVersion: 6
  m_Component:
  - component: {fileID: 873999392524084088}
  m_Layer: 0
  m_Name: finger_ring_1_r
  m_TagString: Untagged
  m_Icon: {fileID: 0}
  m_NavMeshLayer: 0
  m_StaticEditorFlags: 0
  m_IsActive: 1
--- !u!4 &873999392524084088
Transform:
  m_ObjectHideFlags: 0
  m_CorrespondingSourceObject: {fileID: 0}
  m_PrefabInstance: {fileID: 0}
  m_PrefabAsset: {fileID: 0}
  m_GameObject: {fileID: 873999392523796248}
  m_LocalRotation: {x: 0.00032017156, y: -0.002515616, z: -0.28382808, w: 0.95887184}
  m_LocalPosition: {x: 0.03763641, y: -9.808484e-10, z: -9.0967767e-10}
  m_LocalScale: {x: 1, y: 1, z: 1}
  m_Children:
  - {fileID: 873999392524084086}
  m_Father: {fileID: 873999392524084090}
  m_RootOrder: 0
  m_LocalEulerAnglesHint: {x: 0, y: 0, z: 0}
--- !u!1 &873999392523796250
GameObject:
  m_ObjectHideFlags: 0
  m_CorrespondingSourceObject: {fileID: 0}
  m_PrefabInstance: {fileID: 0}
  m_PrefabAsset: {fileID: 0}
  serializedVersion: 6
  m_Component:
  - component: {fileID: 873999392524084090}
  m_Layer: 0
  m_Name: finger_ring_0_r
  m_TagString: Untagged
  m_Icon: {fileID: 0}
  m_NavMeshLayer: 0
  m_StaticEditorFlags: 0
  m_IsActive: 1
--- !u!4 &873999392524084090
Transform:
  m_ObjectHideFlags: 0
  m_CorrespondingSourceObject: {fileID: 0}
  m_PrefabInstance: {fileID: 0}
  m_PrefabAsset: {fileID: 0}
  m_GameObject: {fileID: 873999392523796250}
  m_LocalRotation: {x: 0.0017637818, y: 0.021491604, z: -0.19168201, w: 0.9812202}
  m_LocalPosition: {x: 0.07556697, y: -0.000000009740256, z: 0.0000000048794226}
  m_LocalScale: {x: 1, y: 1, z: 1}
  m_Children:
  - {fileID: 873999392524084088}
  m_Father: {fileID: 873999392524084084}
  m_RootOrder: 0
  m_LocalEulerAnglesHint: {x: 0, y: 0, z: 0}
--- !u!1 &873999392523796252
GameObject:
  m_ObjectHideFlags: 0
  m_CorrespondingSourceObject: {fileID: 0}
  m_PrefabInstance: {fileID: 0}
  m_PrefabAsset: {fileID: 0}
  serializedVersion: 6
  m_Component:
  - component: {fileID: 873999392524084092}
  m_Layer: 0
  m_Name: finger_pinky_r_end
  m_TagString: Untagged
  m_Icon: {fileID: 0}
  m_NavMeshLayer: 0
  m_StaticEditorFlags: 0
  m_IsActive: 1
--- !u!4 &873999392524084092
Transform:
  m_ObjectHideFlags: 0
  m_CorrespondingSourceObject: {fileID: 0}
  m_PrefabInstance: {fileID: 0}
  m_PrefabAsset: {fileID: 0}
  m_GameObject: {fileID: 873999392523796252}
  m_LocalRotation: {x: 0, y: 5.551115e-17, z: -0, w: 1}
  m_LocalPosition: {x: 0.02202252, y: -0.0000000200012, z: 0.0000000659746}
  m_LocalScale: {x: 1, y: 1, z: 1}
  m_Children: []
  m_Father: {fileID: 873999392524084034}
  m_RootOrder: 0
  m_LocalEulerAnglesHint: {x: 0, y: 0, z: 0}
--- !u!1 &873999392523796254
GameObject:
  m_ObjectHideFlags: 0
  m_CorrespondingSourceObject: {fileID: 0}
  m_PrefabInstance: {fileID: 0}
  m_PrefabAsset: {fileID: 0}
  serializedVersion: 6
  m_Component:
  - component: {fileID: 873999392524084094}
  m_Layer: 0
  m_Name: finger_pinky_r_aux
  m_TagString: Untagged
  m_Icon: {fileID: 0}
  m_NavMeshLayer: 0
  m_StaticEditorFlags: 0
  m_IsActive: 1
--- !u!4 &873999392524084094
Transform:
  m_ObjectHideFlags: 0
  m_CorrespondingSourceObject: {fileID: 0}
  m_PrefabInstance: {fileID: 0}
  m_PrefabAsset: {fileID: 0}
  m_GameObject: {fileID: 873999392523796254}
  m_LocalRotation: {x: 0.20206907, y: 0.6119764, z: 0.7532301, w: -0.1315198}
  m_LocalPosition: {x: -0.01696625, y: -0.041452125, z: 0.13169064}
  m_LocalScale: {x: 1, y: 1, z: 1}
  m_Children: []
  m_Father: {fileID: 873999392524084068}
  m_RootOrder: 2
  m_LocalEulerAnglesHint: {x: 0, y: 0, z: 0}
--- !u!1 &873999392523796286
GameObject:
  m_ObjectHideFlags: 0
  m_CorrespondingSourceObject: {fileID: 0}
  m_PrefabInstance: {fileID: 0}
  m_PrefabAsset: {fileID: 0}
  serializedVersion: 6
  m_Component:
  - component: {fileID: 873999392524083998}
  m_Layer: 0
  m_Name: wrist_r
  m_TagString: Untagged
  m_Icon: {fileID: 0}
  m_NavMeshLayer: 0
  m_StaticEditorFlags: 0
  m_IsActive: 1
--- !u!4 &873999392524083998
Transform:
  m_ObjectHideFlags: 0
  m_CorrespondingSourceObject: {fileID: 0}
  m_PrefabInstance: {fileID: 0}
  m_PrefabAsset: {fileID: 0}
  m_GameObject: {fileID: 873999392523796286}
  m_LocalRotation: {x: 6.123234e-17, y: -3.7493994e-33, z: 6.123234e-17, w: 1}
  m_LocalPosition: {x: 0.00015978733, y: -0.000031924497, z: -0.00062570866}
  m_LocalScale: {x: 1, y: 1, z: 1}
  m_Children:
  - {fileID: 873999392524084056}
  - {fileID: 873999392524084044}
  - {fileID: 873999392524084032}
  - {fileID: 873999392524084084}
  - {fileID: 873999392524084078}
  m_Father: {fileID: 873999392524084068}
  m_RootOrder: 5
  m_LocalEulerAnglesHint: {x: 0, y: 0, z: 0}
--- !u!1 &873999392523796320
GameObject:
  m_ObjectHideFlags: 0
  m_CorrespondingSourceObject: {fileID: 0}
  m_PrefabInstance: {fileID: 0}
  m_PrefabAsset: {fileID: 0}
  serializedVersion: 6
  m_Component:
  - component: {fileID: 873999392524084032}
  m_Layer: 0
  m_Name: finger_pinky_meta_r
  m_TagString: Untagged
  m_Icon: {fileID: 0}
  m_NavMeshLayer: 0
  m_StaticEditorFlags: 0
  m_IsActive: 1
--- !u!4 &873999392524084032
Transform:
  m_ObjectHideFlags: 0
  m_CorrespondingSourceObject: {fileID: 0}
  m_PrefabInstance: {fileID: 0}
  m_PrefabAsset: {fileID: 0}
  m_GameObject: {fileID: 873999392523796320}
  m_LocalRotation: {x: -0.50055766, y: -0.37441933, z: -0.5522622, w: 0.5515966}
  m_LocalPosition: {x: -0.002478151, y: -0.01898137, z: 0.015213584}
  m_LocalScale: {x: 1, y: 1, z: 1}
  m_Children:
  - {fileID: 873999392524084038}
  m_Father: {fileID: 873999392524083998}
  m_RootOrder: 2
  m_LocalEulerAnglesHint: {x: 0, y: 0, z: 0}
--- !u!1 &873999392523796322
GameObject:
  m_ObjectHideFlags: 0
  m_CorrespondingSourceObject: {fileID: 0}
  m_PrefabInstance: {fileID: 0}
  m_PrefabAsset: {fileID: 0}
  serializedVersion: 6
  m_Component:
  - component: {fileID: 873999392524084034}
  m_Layer: 0
  m_Name: finger_pinky_2_r
  m_TagString: Untagged
  m_Icon: {fileID: 0}
  m_NavMeshLayer: 0
  m_StaticEditorFlags: 0
  m_IsActive: 1
--- !u!4 &873999392524084034
Transform:
  m_ObjectHideFlags: 0
  m_CorrespondingSourceObject: {fileID: 0}
  m_PrefabInstance: {fileID: 0}
  m_PrefabAsset: {fileID: 0}
  m_GameObject: {fileID: 873999392523796322}
  m_LocalRotation: {x: 0.00007493863, y: -0.012716195, z: -0.15608601, w: 0.9876616}
  m_LocalPosition: {x: 0.022880599, y: 0.00000010086095, z: -0.00000009401077}
  m_LocalScale: {x: 1, y: 1, z: 1}
  m_Children:
  - {fileID: 873999392524084092}
  m_Father: {fileID: 873999392524084036}
  m_RootOrder: 0
  m_LocalEulerAnglesHint: {x: 0, y: 0, z: 0}
--- !u!1 &873999392523796324
GameObject:
  m_ObjectHideFlags: 0
  m_CorrespondingSourceObject: {fileID: 0}
  m_PrefabInstance: {fileID: 0}
  m_PrefabAsset: {fileID: 0}
  serializedVersion: 6
  m_Component:
  - component: {fileID: 873999392524084036}
  m_Layer: 0
  m_Name: finger_pinky_1_r
  m_TagString: Untagged
  m_Icon: {fileID: 0}
  m_NavMeshLayer: 0
  m_StaticEditorFlags: 0
  m_IsActive: 1
--- !u!4 &873999392524084036
Transform:
  m_ObjectHideFlags: 0
  m_CorrespondingSourceObject: {fileID: 0}
  m_PrefabInstance: {fileID: 0}
  m_PrefabAsset: {fileID: 0}
  m_GameObject: {fileID: 873999392523796324}
  m_LocalRotation: {x: -0.0013230799, y: 0.011383121, z: -0.27770412, w: 0.9605983}
  m_LocalPosition: {x: 0.029874247, y: -0.00000003982057, z: 0.00000008708328}
  m_LocalScale: {x: 1, y: 1, z: 1}
  m_Children:
  - {fileID: 873999392524084034}
  m_Father: {fileID: 873999392524084038}
  m_RootOrder: 0
  m_LocalEulerAnglesHint: {x: 0, y: 0, z: 0}
--- !u!1 &873999392523796326
GameObject:
  m_ObjectHideFlags: 0
  m_CorrespondingSourceObject: {fileID: 0}
  m_PrefabInstance: {fileID: 0}
  m_PrefabAsset: {fileID: 0}
  serializedVersion: 6
  m_Component:
  - component: {fileID: 873999392524084038}
  m_Layer: 0
  m_Name: finger_pinky_0_r
  m_TagString: Untagged
  m_Icon: {fileID: 0}
  m_NavMeshLayer: 0
  m_StaticEditorFlags: 0
  m_IsActive: 1
--- !u!4 &873999392524084038
Transform:
  m_ObjectHideFlags: 0
  m_CorrespondingSourceObject: {fileID: 0}
  m_PrefabInstance: {fileID: 0}
  m_PrefabAsset: {fileID: 0}
  m_GameObject: {fileID: 873999392523796326}
  m_LocalRotation: {x: 0.005684868, y: -0.027867196, z: -0.17184608, w: 0.9847132}
  m_LocalPosition: {x: 0.07463164, y: 0.00000001673586, z: -0.000000022174602}
  m_LocalScale: {x: 1, y: 1, z: 1}
  m_Children:
  - {fileID: 873999392524084036}
  m_Father: {fileID: 873999392524084032}
  m_RootOrder: 0
  m_LocalEulerAnglesHint: {x: 0, y: 0, z: 0}
--- !u!1 &873999392523796328
GameObject:
  m_ObjectHideFlags: 0
  m_CorrespondingSourceObject: {fileID: 0}
  m_PrefabInstance: {fileID: 0}
  m_PrefabAsset: {fileID: 0}
  serializedVersion: 6
  m_Component:
  - component: {fileID: 873999392524084040}
  m_Layer: 0
  m_Name: finger_middle_r_end
  m_TagString: Untagged
  m_Icon: {fileID: 0}
  m_NavMeshLayer: 0
  m_StaticEditorFlags: 0
  m_IsActive: 1
--- !u!4 &873999392524084040
Transform:
  m_ObjectHideFlags: 0
  m_CorrespondingSourceObject: {fileID: 0}
  m_PrefabInstance: {fileID: 0}
  m_PrefabAsset: {fileID: 0}
  m_GameObject: {fileID: 873999392523796328}
  m_LocalRotation: {x: 8.6736174e-19, y: 9.8011876e-17, z: 5.551115e-17, w: 1}
  m_LocalPosition: {x: 0.02987597, y: 0.00000009984197, z: -0.0000000020352908}
  m_LocalScale: {x: 1, y: 1, z: 1}
  m_Children: []
  m_Father: {fileID: 873999392524084046}
  m_RootOrder: 0
  m_LocalEulerAnglesHint: {x: 0, y: 0, z: 0}
--- !u!1 &873999392523796330
GameObject:
  m_ObjectHideFlags: 0
  m_CorrespondingSourceObject: {fileID: 0}
  m_PrefabInstance: {fileID: 0}
  m_PrefabAsset: {fileID: 0}
  serializedVersion: 6
  m_Component:
  - component: {fileID: 873999392524084042}
  m_Layer: 0
  m_Name: finger_middle_r_aux
  m_TagString: Untagged
  m_Icon: {fileID: 0}
  m_NavMeshLayer: 0
  m_StaticEditorFlags: 0
  m_IsActive: 1
--- !u!4 &873999392524084042
Transform:
  m_ObjectHideFlags: 0
  m_CorrespondingSourceObject: {fileID: 0}
  m_PrefabInstance: {fileID: 0}
  m_PrefabAsset: {fileID: 0}
  m_GameObject: {fileID: 873999392523796330}
  m_LocalRotation: {x: 0.12474607, y: 0.7021386, z: 0.6783153, w: -0.17699778}
  m_LocalPosition: {x: -0.01217491, y: 0.008878988, z: 0.15062578}
  m_LocalScale: {x: 1, y: 1, z: 1}
  m_Children: []
  m_Father: {fileID: 873999392524084068}
  m_RootOrder: 1
  m_LocalEulerAnglesHint: {x: 0, y: 0, z: 0}
--- !u!1 &873999392523796332
GameObject:
  m_ObjectHideFlags: 0
  m_CorrespondingSourceObject: {fileID: 0}
  m_PrefabInstance: {fileID: 0}
  m_PrefabAsset: {fileID: 0}
  serializedVersion: 6
  m_Component:
  - component: {fileID: 873999392524084044}
  m_Layer: 0
  m_Name: finger_middle_meta_r
  m_TagString: Untagged
  m_Icon: {fileID: 0}
  m_NavMeshLayer: 0
  m_StaticEditorFlags: 0
  m_IsActive: 1
--- !u!4 &873999392524084044
Transform:
  m_ObjectHideFlags: 0
  m_CorrespondingSourceObject: {fileID: 0}
  m_PrefabInstance: {fileID: 0}
  m_PrefabAsset: {fileID: 0}
  m_GameObject: {fileID: 873999392523796332}
  m_LocalRotation: {x: -0.5302242, y: -0.4805521, z: -0.42832786, w: 0.55178547}
  m_LocalPosition: {x: 0.0021773134, y: 0.007119544, z: 0.016318738}
  m_LocalScale: {x: 1, y: 1, z: 1}
  m_Children:
  - {fileID: 873999392524084050}
  m_Father: {fileID: 873999392524083998}
  m_RootOrder: 1
  m_LocalEulerAnglesHint: {x: 0, y: 0, z: 0}
--- !u!1 &873999392523796334
GameObject:
  m_ObjectHideFlags: 0
  m_CorrespondingSourceObject: {fileID: 0}
  m_PrefabInstance: {fileID: 0}
  m_PrefabAsset: {fileID: 0}
  serializedVersion: 6
  m_Component:
  - component: {fileID: 873999392524084046}
  m_Layer: 0
  m_Name: finger_middle_2_r
  m_TagString: Untagged
  m_Icon: {fileID: 0}
  m_NavMeshLayer: 0
  m_StaticEditorFlags: 0
  m_IsActive: 1
--- !u!4 &873999392524084046
Transform:
  m_ObjectHideFlags: 0
  m_CorrespondingSourceObject: {fileID: 0}
  m_PrefabInstance: {fileID: 0}
  m_PrefabAsset: {fileID: 0}
  m_GameObject: {fileID: 873999392523796334}
  m_LocalRotation: {x: 0, y: -0, z: -0.20570889, w: 0.97861326}
  m_LocalPosition: {x: 0.02620739, y: -2.0990154e-15, z: -0.000078466306}
  m_LocalScale: {x: 1, y: 1, z: 1}
  m_Children:
  - {fileID: 873999392524084040}
  m_Father: {fileID: 873999392524084048}
  m_RootOrder: 0
  m_LocalEulerAnglesHint: {x: 0, y: 0, z: 0}
--- !u!1 &873999392523796336
GameObject:
  m_ObjectHideFlags: 0
  m_CorrespondingSourceObject: {fileID: 0}
  m_PrefabInstance: {fileID: 0}
  m_PrefabAsset: {fileID: 0}
  serializedVersion: 6
  m_Component:
  - component: {fileID: 873999392524084048}
  m_Layer: 0
  m_Name: finger_middle_1_r
  m_TagString: Untagged
  m_Icon: {fileID: 0}
  m_NavMeshLayer: 0
  m_StaticEditorFlags: 0
  m_IsActive: 1
--- !u!4 &873999392524084048
Transform:
  m_ObjectHideFlags: 0
  m_CorrespondingSourceObject: {fileID: 0}
  m_PrefabInstance: {fileID: 0}
  m_PrefabAsset: {fileID: 0}
  m_GameObject: {fileID: 873999392523796336}
  m_LocalRotation: {x: -0.00017520478, y: 0.0036806164, z: -0.22868566, w: 0.97349334}
  m_LocalPosition: {x: 0.04007518, y: -0.000000129195, z: 0.000000021561931}
  m_LocalScale: {x: 1, y: 1, z: 1}
  m_Children:
  - {fileID: 873999392524084046}
  m_Father: {fileID: 873999392524084050}
  m_RootOrder: 0
  m_LocalEulerAnglesHint: {x: 0, y: 0, z: 0}
--- !u!1 &873999392523796338
GameObject:
  m_ObjectHideFlags: 0
  m_CorrespondingSourceObject: {fileID: 0}
  m_PrefabInstance: {fileID: 0}
  m_PrefabAsset: {fileID: 0}
  serializedVersion: 6
  m_Component:
  - component: {fileID: 873999392524084050}
  m_Layer: 0
  m_Name: finger_middle_0_r
  m_TagString: Untagged
  m_Icon: {fileID: 0}
  m_NavMeshLayer: 0
  m_StaticEditorFlags: 0
  m_IsActive: 1
--- !u!4 &873999392524084050
Transform:
  m_ObjectHideFlags: 0
  m_CorrespondingSourceObject: {fileID: 0}
  m_PrefabInstance: {fileID: 0}
  m_PrefabAsset: {fileID: 0}
  m_GameObject: {fileID: 873999392523796338}
  m_LocalRotation: {x: 0.000005774232, y: 0.00018646503, z: -0.2174278, w: 0.9760764}
  m_LocalPosition: {x: 0.077849135, y: 0, z: -0.00008005822}
  m_LocalScale: {x: 1, y: 1, z: 1}
  m_Children:
  - {fileID: 873999392524084048}
  m_Father: {fileID: 873999392524084044}
  m_RootOrder: 0
  m_LocalEulerAnglesHint: {x: 0, y: 0, z: 0}
--- !u!1 &873999392523796340
GameObject:
  m_ObjectHideFlags: 0
  m_CorrespondingSourceObject: {fileID: 0}
  m_PrefabInstance: {fileID: 0}
  m_PrefabAsset: {fileID: 0}
  serializedVersion: 6
  m_Component:
  - component: {fileID: 873999392524084052}
  m_Layer: 0
  m_Name: finger_index_r_end
  m_TagString: Untagged
  m_Icon: {fileID: 0}
  m_NavMeshLayer: 0
  m_StaticEditorFlags: 0
  m_IsActive: 1
--- !u!4 &873999392524084052
Transform:
  m_ObjectHideFlags: 0
  m_CorrespondingSourceObject: {fileID: 0}
  m_PrefabInstance: {fileID: 0}
  m_PrefabAsset: {fileID: 0}
  m_GameObject: {fileID: 873999392523796340}
  m_LocalRotation: {x: -2.0816682e-17, y: 4.8572257e-17, z: -1.110223e-16, w: 1}
  m_LocalPosition: {x: 0.024105333, y: -0.00000014365155, z: 0.00000007651614}
  m_LocalScale: {x: 1, y: 1, z: 1}
  m_Children: []
  m_Father: {fileID: 873999392524084058}
  m_RootOrder: 0
  m_LocalEulerAnglesHint: {x: 0, y: 0, z: 0}
--- !u!1 &873999392523796342
GameObject:
  m_ObjectHideFlags: 0
  m_CorrespondingSourceObject: {fileID: 0}
  m_PrefabInstance: {fileID: 0}
  m_PrefabAsset: {fileID: 0}
  serializedVersion: 6
  m_Component:
  - component: {fileID: 873999392524084054}
  m_Layer: 0
  m_Name: finger_index_r_aux
  m_TagString: Untagged
  m_Icon: {fileID: 0}
  m_NavMeshLayer: 0
  m_StaticEditorFlags: 0
  m_IsActive: 1
--- !u!4 &873999392524084054
Transform:
  m_ObjectHideFlags: 0
  m_CorrespondingSourceObject: {fileID: 0}
  m_PrefabInstance: {fileID: 0}
  m_PrefabAsset: {fileID: 0}
  m_GameObject: {fileID: 873999392523796342}
  m_LocalRotation: {x: 0.04220742, y: 0.7381476, z: 0.6507264, w: -0.17295027}
  m_LocalPosition: {x: -0.021968756, y: 0.036898736, z: 0.14318737}
  m_LocalScale: {x: 1, y: 1, z: 1}
  m_Children: []
  m_Father: {fileID: 873999392524084068}
  m_RootOrder: 0
  m_LocalEulerAnglesHint: {x: 0, y: 0, z: 0}
--- !u!1 &873999392523796344
GameObject:
  m_ObjectHideFlags: 0
  m_CorrespondingSourceObject: {fileID: 0}
  m_PrefabInstance: {fileID: 0}
  m_PrefabAsset: {fileID: 0}
  serializedVersion: 6
  m_Component:
  - component: {fileID: 873999392524084056}
  m_Layer: 0
  m_Name: finger_index_meta_r
  m_TagString: Untagged
  m_Icon: {fileID: 0}
  m_NavMeshLayer: 0
  m_StaticEditorFlags: 0
  m_IsActive: 1
--- !u!4 &873999392524084056
Transform:
  m_ObjectHideFlags: 0
  m_CorrespondingSourceObject: {fileID: 0}
  m_PrefabInstance: {fileID: 0}
  m_PrefabAsset: {fileID: 0}
  m_GameObject: {fileID: 873999392523796344}
  m_LocalRotation: {x: -0.531056, y: -0.5589741, z: -0.37024915, w: 0.5181149}
  m_LocalPosition: {x: -0.0015572231, y: 0.021073237, z: 0.014786864}
  m_LocalScale: {x: 1, y: 1, z: 1}
  m_Children:
  - {fileID: 873999392524084062}
  m_Father: {fileID: 873999392524083998}
  m_RootOrder: 0
  m_LocalEulerAnglesHint: {x: 0, y: 0, z: 0}
--- !u!1 &873999392523796346
GameObject:
  m_ObjectHideFlags: 0
  m_CorrespondingSourceObject: {fileID: 0}
  m_PrefabInstance: {fileID: 0}
  m_PrefabAsset: {fileID: 0}
  serializedVersion: 6
  m_Component:
  - component: {fileID: 873999392524084058}
  m_Layer: 0
  m_Name: finger_index_2_r
  m_TagString: Untagged
  m_Icon: {fileID: 0}
  m_NavMeshLayer: 0
  m_StaticEditorFlags: 0
  m_IsActive: 1
--- !u!4 &873999392524084058
Transform:
  m_ObjectHideFlags: 0
  m_CorrespondingSourceObject: {fileID: 0}
  m_PrefabInstance: {fileID: 0}
  m_PrefabAsset: {fileID: 0}
  m_GameObject: {fileID: 873999392523796346}
  m_LocalRotation: {x: 0.00015516688, y: 0.0011518458, z: -0.18540917, w: 0.9826608}
  m_LocalPosition: {x: 0.028275194, y: -0.00000003048054, z: -0.00000012984884}
  m_LocalScale: {x: 1, y: 1, z: 1}
  m_Children:
  - {fileID: 873999392524084052}
  m_Father: {fileID: 873999392524084060}
  m_RootOrder: 0
  m_LocalEulerAnglesHint: {x: 0, y: 0, z: 0}
--- !u!1 &873999392523796348
GameObject:
  m_ObjectHideFlags: 0
  m_CorrespondingSourceObject: {fileID: 0}
  m_PrefabInstance: {fileID: 0}
  m_PrefabAsset: {fileID: 0}
  serializedVersion: 6
  m_Component:
  - component: {fileID: 873999392524084060}
  m_Layer: 0
  m_Name: finger_index_1_r
  m_TagString: Untagged
  m_Icon: {fileID: 0}
  m_NavMeshLayer: 0
  m_StaticEditorFlags: 0
  m_IsActive: 1
--- !u!4 &873999392524084060
Transform:
  m_ObjectHideFlags: 0
  m_CorrespondingSourceObject: {fileID: 0}
  m_PrefabInstance: {fileID: 0}
  m_PrefabAsset: {fileID: 0}
  m_GameObject: {fileID: 873999392523796348}
  m_LocalRotation: {x: 0.00042703064, y: -0.0050303265, z: -0.34176064, w: 0.9397735}
  m_LocalPosition: {x: 0.03475773, y: 0, z: 0.00034225578}
  m_LocalScale: {x: 1, y: 1, z: 1}
  m_Children:
  - {fileID: 873999392524084058}
  m_Father: {fileID: 873999392524084062}
  m_RootOrder: 0
  m_LocalEulerAnglesHint: {x: 0, y: 0, z: 0}
--- !u!1 &873999392523796350
GameObject:
  m_ObjectHideFlags: 0
  m_CorrespondingSourceObject: {fileID: 0}
  m_PrefabInstance: {fileID: 0}
  m_PrefabAsset: {fileID: 0}
  serializedVersion: 6
  m_Component:
  - component: {fileID: 873999392524084062}
  m_Layer: 0
  m_Name: finger_index_0_r
  m_TagString: Untagged
  m_Icon: {fileID: 0}
  m_NavMeshLayer: 0
  m_StaticEditorFlags: 0
  m_IsActive: 1
--- !u!4 &873999392524084062
Transform:
  m_ObjectHideFlags: 0
  m_CorrespondingSourceObject: {fileID: 0}
  m_PrefabInstance: {fileID: 0}
  m_PrefabAsset: {fileID: 0}
  m_GameObject: {fileID: 873999392523796350}
  m_LocalRotation: {x: 0.0059458767, y: 0.0525803, z: -0.16128296, w: 0.9854886}
  m_LocalPosition: {x: 0.07927397, y: -0.000000023161862, z: -0.0000000914779}
  m_LocalScale: {x: 1, y: 1, z: 1}
  m_Children:
  - {fileID: 873999392524084060}
  m_Father: {fileID: 873999392524084056}
  m_RootOrder: 0
  m_LocalEulerAnglesHint: {x: 0, y: 0, z: 0}
