%YAML 1.1
%TAG !u! tag:unity3d.com,2011:
--- !u!1 &4282005264444493996
GameObject:
  m_ObjectHideFlags: 0
  m_CorrespondingSourceObject: {fileID: 0}
  m_PrefabInstance: {fileID: 0}
  m_PrefabAsset: {fileID: 0}
  serializedVersion: 6
  m_Component:
  - component: {fileID: 7851004444185286793}
  - component: {fileID: 5762263160747906802}
  - component: {fileID: 5836392544152152990}
  - component: {fileID: 6428602701637723274}
  m_Layer: 0
  m_Name: Marshmallow 1
  m_TagString: Untagged
  m_Icon: {fileID: 0}
  m_NavMeshLayer: 0
  m_StaticEditorFlags: 0
  m_IsActive: 1
--- !u!4 &7851004444185286793
Transform:
  m_ObjectHideFlags: 0
  m_CorrespondingSourceObject: {fileID: 0}
  m_PrefabInstance: {fileID: 0}
  m_PrefabAsset: {fileID: 0}
  m_GameObject: {fileID: 4282005264444493996}
  m_LocalRotation: {x: 0, y: 0, z: 0, w: 1}
  m_LocalPosition: {x: 0, y: 0, z: 0}
  m_LocalScale: {x: 1, y: 1, z: 1}
  m_Children:
  - {fileID: 8015085075451901400}
  m_Father: {fileID: 0}
  m_RootOrder: 0
  m_LocalEulerAnglesHint: {x: 0, y: 0, z: 0}
--- !u!114 &5762263160747906802
MonoBehaviour:
  m_ObjectHideFlags: 0
  m_CorrespondingSourceObject: {fileID: 0}
  m_PrefabInstance: {fileID: 0}
  m_PrefabAsset: {fileID: 0}
  m_GameObject: {fileID: 4282005264444493996}
  m_Enabled: 1
  m_EditorHideFlags: 0
  m_Script: {fileID: 11500000, guid: 0008c51fe3af00b4da5d44f02d9b3dff, type: 3}
  m_Name: 
  m_EditorClassIdentifier: 
  CreateBehaviour: 0
  QuantumAnimator: {fileID: 0}
  ManualDestroy: 0
  ErrorCorrectionRateMin: 3.3
  ErrorCorrectionRateMax: 10
  ErrorPositionBlendStart: 0.25
  ErrorPositionBlendEnd: 1
  ErrorRotationBlendStart: 0.1
  ErrorRotationBlendEnd: 0.5
  ErrorPositionMinCorrection: 0.025
  ErrorPositionTeleportDistance: 2
  ErrorRotationTeleportDistance: 0.5
  blockEngineUpdate: 0
  OnEntityInstantiated:
    m_PersistentCalls:
      m_Calls: []
    m_TypeName: UnityEngine.Events.UnityEvent, UnityEngine.CoreModule, Version=0.0.0.0,
      Culture=neutral, PublicKeyToken=null
  OnEntityDestroyed:
    m_PersistentCalls:
      m_Calls: []
    m_TypeName: UnityEngine.Events.UnityEvent, UnityEngine.CoreModule, Version=0.0.0.0,
      Culture=neutral, PublicKeyToken=null
--- !u!114 &5836392544152152990
MonoBehaviour:
  m_ObjectHideFlags: 0
  m_CorrespondingSourceObject: {fileID: 0}
  m_PrefabInstance: {fileID: 0}
  m_PrefabAsset: {fileID: 0}
  m_GameObject: {fileID: 4282005264444493996}
  m_Enabled: 1
  m_EditorHideFlags: 0
  m_Script: {fileID: 11500000, guid: 871acbe84a56456c8f7d4d5df3d8a59f, type: 3}
  m_Name: 
  m_EditorClassIdentifier: 
  hitSoundEffects:
  - {fileID: 8300000, guid: 5dff85aa6aacb32469945a41190eadf8, type: 3}
  - {fileID: 8300000, guid: 46bb1e3e014c28740ae8c96427da5270, type: 3}
  - {fileID: 8300000, guid: c848d318c783da14d920cdb75f1ee7ac, type: 3}
  - {fileID: 8300000, guid: cb0cd73b74d6f884bab13a472f547100, type: 3}
--- !u!82 &6428602701637723274
AudioSource:
  m_ObjectHideFlags: 0
  m_CorrespondingSourceObject: {fileID: 0}
  m_PrefabInstance: {fileID: 0}
  m_PrefabAsset: {fileID: 0}
  m_GameObject: {fileID: 4282005264444493996}
  m_Enabled: 1
  serializedVersion: 4
  OutputAudioMixerGroup: {fileID: 0}
  m_audioClip: {fileID: 0}
  m_PlayOnAwake: 1
  m_Volume: 1
  m_Pitch: 1
  Loop: 0
  Mute: 0
  Spatialize: 0
  SpatializePostEffects: 0
  Priority: 128
  DopplerLevel: 1
  MinDistance: 1
  MaxDistance: 500
  Pan2D: 0
  rolloffMode: 0
  BypassEffects: 0
  BypassListenerEffects: 0
  BypassReverbZones: 0
  rolloffCustomCurve:
    serializedVersion: 2
    m_Curve:
    - serializedVersion: 3
      time: 0
      value: 1
      inSlope: 0
      outSlope: 0
      tangentMode: 0
      weightedMode: 0
      inWeight: 0.33333334
      outWeight: 0.33333334
    - serializedVersion: 3
      time: 1
      value: 0
      inSlope: 0
      outSlope: 0
      tangentMode: 0
      weightedMode: 0
      inWeight: 0.33333334
      outWeight: 0.33333334
    m_PreInfinity: 2
    m_PostInfinity: 2
    m_RotationOrder: 4
  panLevelCustomCurve:
    serializedVersion: 2
    m_Curve:
    - serializedVersion: 3
      time: 0
      value: 0
      inSlope: 0
      outSlope: 0
      tangentMode: 0
      weightedMode: 0
      inWeight: 0.33333334
      outWeight: 0.33333334
    m_PreInfinity: 2
    m_PostInfinity: 2
    m_RotationOrder: 4
  spreadCustomCurve:
    serializedVersion: 2
    m_Curve:
    - serializedVersion: 3
      time: 0
      value: 0
      inSlope: 0
      outSlope: 0
      tangentMode: 0
      weightedMode: 0
      inWeight: 0.33333334
      outWeight: 0.33333334
    m_PreInfinity: 2
    m_PostInfinity: 2
    m_RotationOrder: 4
  reverbZoneMixCustomCurve:
    serializedVersion: 2
    m_Curve:
    - serializedVersion: 3
      time: 0
      value: 1
      inSlope: 0
      outSlope: 0
      tangentMode: 0
      weightedMode: 0
      inWeight: 0.33333334
      outWeight: 0.33333334
    m_PreInfinity: 2
    m_PostInfinity: 2
    m_RotationOrder: 4
--- !u!1001 &8015085075452292954
PrefabInstance:
  m_ObjectHideFlags: 0
  serializedVersion: 2
  m_Modification:
    m_TransformParent: {fileID: 7851004444185286793}
    m_Modifications:
    - target: {fileID: 100002, guid: cb32012305e76b244892f98e86cc971d, type: 3}
      propertyPath: m_Name
      value: Marshmello_Sticky
      objectReference: {fileID: 0}
    - target: {fileID: 400002, guid: cb32012305e76b244892f98e86cc971d, type: 3}
      propertyPath: m_LocalPosition.x
      value: -0
      objectReference: {fileID: 0}
    - target: {fileID: 400002, guid: cb32012305e76b244892f98e86cc971d, type: 3}
      propertyPath: m_LocalPosition.y
      value: 0
      objectReference: {fileID: 0}
    - target: {fileID: 400002, guid: cb32012305e76b244892f98e86cc971d, type: 3}
      propertyPath: m_LocalPosition.z
      value: 0
      objectReference: {fileID: 0}
    - target: {fileID: 400002, guid: cb32012305e76b244892f98e86cc971d, type: 3}
      propertyPath: m_LocalRotation.x
      value: 0
      objectReference: {fileID: 0}
    - target: {fileID: 400002, guid: cb32012305e76b244892f98e86cc971d, type: 3}
      propertyPath: m_LocalRotation.y
      value: -0
      objectReference: {fileID: 0}
    - target: {fileID: 400002, guid: cb32012305e76b244892f98e86cc971d, type: 3}
      propertyPath: m_LocalRotation.z
      value: -0
      objectReference: {fileID: 0}
    - target: {fileID: 400002, guid: cb32012305e76b244892f98e86cc971d, type: 3}
      propertyPath: m_LocalRotation.w
      value: 1
      objectReference: {fileID: 0}
    - target: {fileID: 400002, guid: cb32012305e76b244892f98e86cc971d, type: 3}
      propertyPath: m_RootOrder
      value: 0
      objectReference: {fileID: 0}
    - target: {fileID: 400002, guid: cb32012305e76b244892f98e86cc971d, type: 3}
      propertyPath: m_LocalEulerAnglesHint.x
      value: 0
      objectReference: {fileID: 0}
    - target: {fileID: 400002, guid: cb32012305e76b244892f98e86cc971d, type: 3}
      propertyPath: m_LocalEulerAnglesHint.y
      value: 0
      objectReference: {fileID: 0}
    - target: {fileID: 400002, guid: cb32012305e76b244892f98e86cc971d, type: 3}
      propertyPath: m_LocalEulerAnglesHint.z
      value: 0
      objectReference: {fileID: 0}
    - target: {fileID: 2300002, guid: cb32012305e76b244892f98e86cc971d, type: 3}
      propertyPath: m_Materials.Array.data[0]
      value: 
      objectReference: {fileID: 2100000, guid: 3b47be93bc40c7a4ab0df4a3d2e81333, type: 2}
    - target: {fileID: 2300000, guid: cb32012305e76b244892f98e86cc971d, type: 3}
      propertyPath: m_Materials.Array.data[0]
      value: 
      objectReference: {fileID: 2100000, guid: 3b47be93bc40c7a4ab0df4a3d2e81333, type: 2}
    m_RemovedComponents: []
  m_SourcePrefab: {fileID: 100100000, guid: cb32012305e76b244892f98e86cc971d, type: 3}
--- !u!4 &8015085075451901400 stripped
Transform:
  m_CorrespondingSourceObject: {fileID: 400002, guid: cb32012305e76b244892f98e86cc971d,
    type: 3}
  m_PrefabInstance: {fileID: 8015085075452292954}
  m_PrefabAsset: {fileID: 0}
